00100000         239906832000107327331              0860610000000001902 IFT SERVICOS DE TELECOMUNICACOBANCO DO BRASIL                         11408202416464300006703000000                                                   CSP000            
00100011C3001020 239906832000107327331              0860610000000001902 IFT SERVICOS DE TELECOMUNICACO                                        R SANTA ADELIA                258 A               EUSEBIO             61760340CE                  
0010001300001A0000000010416100000000163708 GABRIEL ALBANO DE OLIVEIRA                        21082024BRL000000000000000000000000314571                    00000000000000000000000                                                    0          
0010001300002B   100008792486371RUA JOSE FRANCO               00000               CAPONGA FUNDA  PINDORETAMA         62860000CE00000000000000000000000000000000000000000000000000000000000000000000000000000000000                              
00100015         000004000000000000314571000000000000000000000000                                                                                                                                                                               
00199999         000001000006000000                                                                                                                                                                                                             