00100000         207229443000106226899              0358900000000617156 G INFO DIGITAL SOLUCOES EM TECBANCO DO BRASIL                         11208202409204500005803000000                                                   CSP000            
00100011C3001020 207229443000106226899              0358900000000617156 G INFO DIGITAL SOLUCOES EM TEC                                        RUA SANTA ADELIA              00258B              EUSEBIO             61760000CE                  
0010001300001A0000000010358900000000723533 GUILHERME SOUSA FERREIRA                          14082024BRL000000000000000000000000592841                    00000000000000000000000                                                    0          
0010001300002B   100062096660351RUA TRINTA E DOIS             00090               JEREISSATI I   MARACANAU           61900580CE00000000000000000000000000000000000000000000000000000000000000000000000000000000000                              
00100015         000004000000000000592841000000000000000000000000                                                                                                                                                                               
00199999         000001000006000000                                                                                                                                                                                                             