00100000         255369212000132425280              0860610000000010464 DNET TELECOMUNICACOES LTDA    BANCO DO BRASIL                         10908202416105400000803000000                                                   CSP000            
00100011C3001020 255369212000132425280              0860610000000010464 DNET TELECOMUNICACOES LTDA                                            R JOSE MARQUES                00204B              FORTALEZA           60874220CE                  
0010001300001A0000000010314020000000680370 RUTE FERREIRA DA COSTA                            16082024BRL000000000000000000000000126064                    00000000000000000000000                                                    0          
0010001300002B   100062049552335RU JOAO CRISPIM               01947CS B           PARQUE SANTA MAFORTALEZA           60873040CE00000000000000000000000000000000000000000000000000000000000000000000000000000000000                              
00100015         000004000000000000126064000000000000000000000000                                                                                                                                                                               
00199999         000001000006000000                                                                                                                                                                                                             