00100000         239906832000107327331              0860610000000001902 IFT SERVICOS DE TELECOMUNICACOBANCO DO BRASIL                         11608202411323200006903000000                                                   CSP000            
00100011C3001020 239906832000107327331              0860610000000001902 IFT SERVICOS DE TELECOMUNICACO                                        R SANTA ADELIA                258 A               EUSEBIO             61760340CE                  
0010001300001A0000000010129550000001142844 BRUNO RIBEIRO DOS SANTOS                          21082024BRL000000000000000000000000199838                    00000000000000000000000                                                    0          
0010001300002B   100062596112345RUA OLIVEIRA PAIVA            00173               JABUTI         EUSEBIO             61760000CE00000000000000000000000000000000000000000000000000000000000000000000000000000000000                              
00100015         000004000000000000199838000000000000000000000000                                                                                                                                                                               
00199999         000001000006000000                                                                                                                                                                                                             