00100000         207229443000106226899              0358900000000617156 G INFO DIGITAL SOLUCOES EM TECBANCO DO BRASIL                         11308202408283200005903000000                                                   CSP000            
00100011C3001020 207229443000106226899              0358900000000617156 G INFO DIGITAL SOLUCOES EM TEC                                        RUA SANTA ADELIA              00258B              EUSEBIO             61760000CE                  
0010001300001A0000000010347460000000761079 JUAREZ GOMES DE SERPA JUNIOR                      16082024BRL000000000000000000000000079833                    00000000000000000000000                                                    0          
0010001300002B   100065327713334RUA MARIA JULIA               00010ST 44          BARRA DO CEARA FORTALEZA           60333660CE00000000000000000000000000000000000000000000000000000000000000000000000000000000000                              
00100015         000004000000000000079833000000000000000000000000                                                                                                                                                                               
00199999         000001000006000000                                                                                                                                                                                                             